@inproceedings{Zeldovich:2008:SDS:1387589.1387610,
author = {Zeldovich, Nickolai and Boyd-Wickizer, Silas and Mazi\`{e}res, David},
title = {{Securing Distributed Systems with Information Flow Control}},
booktitle = {{Proceedings of the 5th USENIX Symposium on Networked Systems Design and Implementation}},
series = {NSDI'08},
year = {2008},
isbn = {111-999-5555-22-1},
location = {San Francisco, California},
pages = {293--308},
numpages = {16},
url = {http://dl.acm.org/citation.cfm?id=1387589.1387610},
acmid = {1387610},
publisher = {USENIX Association},
address = {Berkeley, CA, USA},
}

@inproceedings{Yip:2009:IAS:1629575.1629604,
    author = {Yip, Alexander and Wang, Xi and Zeldovich, Nickolai and Kaashoek, M. Frans},
    title = {{Improving Application Security with Data Flow Assertions}},
    booktitle = {{Proceedings of the ACM SIGOPS 22Nd Symposium on Operating Systems Principles}},
    series = {SOSP '09},
    year = {2009},
    isbn = {978-1-60558-752-3},
    location = {Big Sky, Montana, USA},
    pages = {291--304},
    numpages = {14},
    url = {http://doi.acm.org/10.1145/1629575.1629604},
    doi = {10.1145/1629575.1629604},
    acmid = {1629604},
    publisher = {ACM},
    address = {New York, NY, USA},
    keywords = {php, privacy, python, security, sql injection, web, xss},
}

@article{Yang:2016:PDI:2980983.2908098,
    author = {Yang, Jean and Hance, Travis and Austin, Thomas H. and Solar-Lezama, Armando and Flanagan, Cormac and Chong, Stephen},
    title = {{Precise, Dynamic Information Flow for Database-backed Applications}},
    journal = {SIGPLAN Not.},
    issue_date = {June 2016},
    volume = {51},
    number = {6},
    month = jun,
    year = {2016},
    issn = {0362-1340},
    pages = {631--647},
    numpages = {17},
    url = {http://doi.acm.org/10.1145/2980983.2908098},
    doi = {10.1145/2980983.2908098},
    acmid = {2908098},
    publisher = {ACM},
    address = {New York, NY, USA},
    keywords = {Web frameworks, information flow},
}

@misc{OBrien:2017,
    title = {{Equifax data breach: 143 million people could be affected}},
    howpublished = {\url{https://money.cnn.com/2017/09/07/technology/business/equifax-data-breach/index.html}},
    publisher = {Cable News Network},
    author = {O'Brien, Sara Ashley},
    year = {2017},
    month = {September},
}

@misc{Sheera:2018,
    title = {{Facebook Bug Changed Privacy Settings of Up to 14 Million Users}},
    howpublished = {\url{https://www.nytimes.com/2018/06/07/technology/facebook-privacy-bug.html}},
    publisher = {The New York Times},
    author = {Sheera, Frankel},
    year = {2018},
    month = {June},
}

@misc{Keybase,
    title = {{Keybase}},
    howpublished = {\url{https://keybase.io/}},
    publisher = {Keybase},
}

@misc{KBFS,
    title = {{Understanding the Keybase filesystem}},
    howpublished = {\url{https://keybase.io/docs/kbfs/understanding_kbfs}},
    publisher = {Keybase},
}

@misc{KeybaseFollowing,
    title = {{Understanding following (previously called "tracking")}},
    howpublished = {\url{https://keybase.io/docs/server_security/following}},
    publisher = {Keybase},
}

@misc{KeybaseServerSecurity,
    title = {{Keybase server security}},
    howpublished = {\url{https://keybase.io/docs/server_security}},
    publisher = {Keybase},
}

@misc{KeybaseBitcoin,
    title = {{Keybase is now writing to the Bitcoin blockchain}},
    howpublished = {\url{https://keybase.io/docs/server_security/merkle_root_in_bitcoin_blockchain}},
    publisher = {Keybase},
}

@misc{KeybaseChat,
    title = {{Introducing Keybase Chat}},
    howpublished = {\url{https://keybase.io/blog/keybase-chat}},
    publisher = {Keybase},
    year = {2017},
    month = {February},
}

@misc{saltpack,
    title = {{saltpack - a modern crypto messaging format}},
    howpublished = {\url{https://saltpack.org/encryption-format-v2}},
    publisher = {Keybase},
}

@misc{Ng:2018,
    title = {{That British Airways breach shows hackers fine-tuning e-commerce attacks}},
    howpublished = {\url{https://www.cnet.com/news/heres-how-british-airways-was-hacked-according-to-researchers/}},
    publisher = {CNET},
    author = {Ng, Alfred},
    year = {2018},
    month = {September},
}

@misc{Bidelman,
    title = {{Shadow DOM v1: Self-Contained Web Components}},
    howpublished = {\url{https://developers.google.com/web/fundamentals/web-components/shadowdom}},
    publisher = {Google Developers},
    author = {Bidelman, Eric},
}

@misc{ContentScript,
    title = {{Content Scripts}},
    howpublished = {\url{https://developer.chrome.com/extensions/content_scripts}},
    publisher = {Chrome Developers},
}

@misc{ContentScriptSecurity,
    title = {{Use Content Scripts Carefully}},
    howpublished = {\url{https://developer.chrome.com/extensions/security#content_scripts}},
    publisher = {Chrome Developers},
}

@misc{UsingShadowDOM,
    title = {{Using shadow DOM}},
    journal = {MDN Web Docs},
    howpublished = {\url{https://developer.mozilla.org/en-US/docs/Web/Web_Components/Using_shadow_DOM}},
    publisher = {Mozilla},
    year = {2019},
    month = {October},
    author = {{MDN Contributors}},
}

@misc{RegisterProtocolHandler,
    title = {{Navigator.registerProtocolHandler()}},
    journal = {MDN Web Docs},
    howpublished = {\url{https://developer.mozilla.org/en-US/docs/Web/API/Navigator/registerProtocolHandler}},
    publisher = {Mozilla},
    year = {2019},
    month = {November},
    author = {{MDN Contributors}},
}

@misc{GitHubW3C,
    title = {{[Shadow]: Add "closed" flag to createShadowRoot (bugzilla: 20144)}},
    howpublished = {\url{https://github.com/w3c/webcomponents/issues/100}},
    author = {{Hayato Ito}},
}

@inproceedings{Popa:2014:BWA:2616448.2616464,
    author = {Popa, Raluca Ada and Stark, Emily and Helfer, Jonas and Valdez, Steven and Zeldovich, Nickolai and Kaashoek, M. Frans and Balakrishnan, Hari},
    title = {Building Web Applications on Top of Encrypted Data Using Mylar},
    booktitle = {Proceedings of the 11th USENIX Conference on Networked Systems Design and Implementation},
    series = {NSDI'14},
    year = {2014},
    isbn = {978-1-931971-09-6},
    location = {Seattle, WA},
    pages = {157--172},
    numpages = {16},
    url = {http://dl.acm.org/citation.cfm?id=2616448.2616464},
    acmid = {2616464},
    publisher = {USENIX Association},
    address = {Berkeley, CA, USA},
}

@inproceedings{He:2014:SEW:2660267.2660326,
    author = {He, Warren and Akhawe, Devdatta and Jain, Sumeet and Shi, Elaine and Song, Dawn},
    title = {ShadowCrypt: Encrypted Web Applications for Everyone},
    booktitle = {Proceedings of the 2014 ACM SIGSAC Conference on Computer and Communications Security},
    series = {CCS '14},
    year = {2014},
    isbn = {978-1-4503-2957-6},
    location = {Scottsdale, Arizona, USA},
    pages = {1028--1039},
    numpages = {12},
    url = {http://doi.acm.org/10.1145/2660267.2660326},
    doi = {10.1145/2660267.2660326},
    acmid = {2660326},
    publisher = {ACM},
    address = {New York, NY, USA},
    keywords = {privacy, shadow dom, web security},
}

@article{Freyberger2018,
    doi = {10.1515/popets-2018-0012},
    url = {https://doi.org/10.1515/popets-2018-0012},
    year = {2018},
    month = apr,
    publisher = {Walter de Gruyter {GmbH}},
    volume = {2018},
    number = {2},
    pages = {47--63},
    author = {Michael Freyberger and Warren He and Devdatta Akhawe and Michelle L. Mazurek and Prateek Mittal},
    title = {Cracking {ShadowCrypt}: Exploring the Limitations of Secure I/O Systems in Internet Browsers},
    journal = {Proceedings on Privacy Enhancing Technologies}
}

@inproceedings{Kocher2018spectre,
    author = {Paul Kocher and Jann Horn and Anders Fogh and and Daniel Genkin and Daniel Gruss and Werner Haas and Mike Hamburg and Moritz Lipp and Stefan Mangard and Thomas Prescher and Michael Schwarz and Yuval Yarom},
    title = {Spectre Attacks: Exploiting Speculative Execution},
    booktitle = {40th IEEE Symposium on Security and Privacy (S\&P'19)},
    year = {2019},
}

@inproceedings{Heiderich:2012:SAS:2382196.2382276,
    author = {Heiderich, Mario and Niemietz, Marcus and Schuster, Felix and Holz, Thorsten and Schwenk, J\"{o}rg},
    title = {Scriptless Attacks: Stealing the Pie Without Touching the Sill},
    booktitle = {Proceedings of the 2012 ACM Conference on Computer and Communications Security},
    series = {CCS '12},
    year = {2012},
    isbn = {978-1-4503-1651-4},
    location = {Raleigh, North Carolina, USA},
    pages = {760--771},
    numpages = {12},
    url = {http://doi.acm.org/10.1145/2382196.2382276},
    doi = {10.1145/2382196.2382276},
    acmid = {2382276},
    publisher = {ACM},
    address = {New York, NY, USA},
    keywords = {attack fonts, css, html5, scriptless attacks, svg, xss},
}

@inproceedings{Eskandarian2019,
    doi = {10.1109/sp.2019.00036},
    url = {https://doi.org/10.1109/sp.2019.00036},
    year = {2019},
    month = may,
    publisher = {{IEEE}},
    author = {Saba Eskandarian and Jonathan Cogan and Sawyer Birnbaum and Peh Chang Wei Brandon and Dillon Franke and Forest Fraser and Gaspar Garcia and Eric Gong and Hung T. Nguyen and Taresh K. Sethi and Vishal Subbiah and Michael Backes and Giancarlo Pellegrino and Dan Boneh},
    title = {Fidelius: Protecting User Secrets from Compromised Browsers},
    booktitle = {2019 {IEEE} Symposium on Security and Privacy ({SP})}
}